<?xml version="1.0" encoding="UTF-8"?><collection xmlns="http://www.loc.gov/MARC21/slim"><record><leader>00341nam--2200121-i-4500</leader><controlfield tag="001">000041627</controlfield><controlfield tag="002">20161230</controlfield><controlfield tag="005">20161230201043</controlfield><controlfield tag="008">060222s1000------------r-----000-0-eng-d</controlfield><datafield ind1=" " ind2=" " tag="100"><subfield code="a">Siamo J.Da Veiga</subfield></datafield><datafield ind1=" " ind2=" " tag="245"><subfield code="a">Estudo de transicoes radiativas em nuclideo 20 a 40</subfield></datafield><datafield ind1=" " ind2=" " tag="260"><subfield code="a">Coimbra, Tipografia Da Atlantida, 1959. 21 P. + 5 Fig</subfield></datafield><datafield ind1=" " ind2=" " tag="852"><subfield code="a">6529</subfield></datafield></record></collection>